% Encoding: UTF-8
@ARTICLE{kalmanbertram,
  author        = {Rudolf E. Kalman and John E. Bertram},
  title         = {Control System Analysis and Design Via the `Second Method' of Liapunov, {I}. Continuous-Time Systems},
  year          = {1960},
  month         = {June},
  journal       = {Journal of basic engineering},
  volume        = {82},
  pages         = {371--393},
  doi           = {10.1115/1.3662604},
  url           = {\url{https://doi.org/10.1115/1.3662604}},
  note          = {\url{https://doi.org/10.1115/1.3662604}}
}

@BOOK{terrell.stability.2009,
  author        = {William J. Terrell},
  title         = {Stability and Stabilization: An Introduction},
  year          = {2009},
  isbn          = {9780691134444},
  lccn          = {2008926510},
  publisher     = {Princeton University Press},
  url           = {\url{http://books.google.com/books?id=wcgzZAnXQUQC}},
  note          = {\url{http://books.google.com/books?id=wcgzZAnXQUQC}}
}

@BOOK{bao.process.2007,
  author        = {Jie Bao and Peter L. Lee},
  title         = {Process Control: The Passive Systems Approach},
  year          = {2007},
  isbn          = {9781846288937},
  lccn          = {2007928319},
  series        = {Advances in Industrial Control},
  publisher     = {Springer},
  url           = {\url{http://books.google.com/books?id=YQQAE1u4m6sC}},
  note          = {\url{http://books.google.com/books?id=YQQAE1u4m6sC}}
}

@ARTICLE{willems.part1.1972,
  author        = {Jan C. Willems},
  title         = {Dissipative dynamical systems part {I}: General theory},
  year          = {1972},
  issn          = {0003-9527},
  journal       = {Archive for Rational Mechanics and Analysis},
  volume        = {45},
  number        = {5},
  publisher     = {Springer-Verlag},
  pages         = {321--351},
  language      = {English},
  doi           = {10.1007/BF00276493},
  url           = {\url{http://dx.doi.org/10.1007/BF00276493}},
  note          = {\url{http://dx.doi.org/10.1007/BF00276493}}
}

@ARTICLE{byrnes.passivitiy.1991,
  author        = {Christopher I. Byrnes and Alberto Isidori and Jan C. Willems},
  title         = {Passivity, feedback equivalence, and the global stabilization of minimum phase nonlinear systems},
  journal       = {IEEE Transactions on Automatic Control},
  year          = {1991},
  month         = {November},
  volume        = {36},
  number        = {11},
  pages         = {1228--1240},
  doi           = {10.1109/9.100932},
  url           = {\url{https://doi.org/10.1109/9.100932}},
  note          = {\url{https://doi.org/10.1109/9.100932}}
}

@BOOK{lozano.dissipative.2000,
  author        = {Bernard Brogliato and Rogelio Lozano and Bernhard Maschke and Olav Egeland},
  title         = {Dissipative systems analysis and control: theory and applications},
  year          = {2000},
  publisher     = {Springer-Verlag New York, Inc.},
  isbn          = {3030194205},
  isbn          = {9783030194208},
  series        = {Communications and Control Engineering},
  url           = {\url{https://books.google.com/books?id=-ZqgDwAAQBAJ}},
  note          = {\url{https://books.google.com/books?id=-ZqgDwAAQBAJ}}
}

@INPROCEEDINGS{rusnak.spr.2009,
  author        = {Ilan Rusnak and Itzhak Barkana},
  title         = {SPR and ASPR untangled},
  booktitle     = {6th IFAC Symposium on Robust Control Design},
  year          = {2009},
  month         = {June},
  pages         = {126--131},
  address       = {Haifa, Israel},
  doi           = {10.3182/20090616-3-IL-2002.00022},
  url           = {\url{https://doi.org/10.3182/20090616-3-IL-2002.00022}},
  note          = {\url{https://doi.org/10.3182/20090616-3-IL-2002.00022}}
}

@INPROCEEDINGS{kottenstette.passive.2010,
  author        = {Nicholas Kottenstette and Panos J. Antsaklis},
  title         = {Relationships between positive real, passive dissipative, \& positive systems},
  booktitle     = {American Control Conference},
  year          = {2010},
  month         = {June},
  pages         = {409--416},
  address       = {Baltimore, MD, USA},
  organization  = {IEEE},
  publisher     = {IEEE},
  doi           = {10.1109/ACC.2010.5530779},
  url           = {\url{https://doi.org/10.1109/ACC.2010.5530779}},
  note          = {\url{https://doi.org/10.1109/ACC.2010.5530779}}
}

@BOOK{astrom.feedbackintro.2010,
  author        = {Karl J. Astr{\"o}m and Richard M. Murray},
  title         = {Feedback Systems: An Introduction for Scientists and Engineers},
  year          = {2010},
  isbn          = {9781400828739},
  publisher     = {Princeton University Press},
  url           = {\url{https://books.google.com/books?id=cdG9fNqTDS8C}},
  note          = {\url{https://books.google.com/books?id=cdG9fNqTDS8C}}
}

@INPROCEEDINGS{lavretsky.output.2010,
  author        = {Eugene Lavretsky},
  title         = {Adaptive Output Feedback Design Using Asymptotic Properties of LQG / LTR Controllers},
  booktitle     = {AIAA Guidance, Navigation, and Control Conference},
  organization  = {AIAA},
  publisher     = {AIAA},
  address       = {Toronto, Ontario, Canada},
  year          = {2010},
  month         = {August},
  pages         = {1},
  doi           = {10.2514/6.2010-7538},
  url           = {\url{https://doi.org/10.2514/6.2010-7538}},
  note          = {\url{https://doi.org/10.2514/6.2010-7538}}
}

@BOOK{antsaklis.linearsystems.2006,
  author        = {Panos J. Antsaklis and Anthony N. Michel},
  title         = {Linear systems},
  year          = {2006},
  publisher     = {Springer},
  isbn          = {9780817644352},
  lccn          = {2005053096},
  url           = {\url{https://books.google.com/books?id=Irr0W8s4rKUC}},
  note          = {\url{https://books.google.com/books?id=Irr0W8s4rKUC}}
}

@BOOK{wolovich.linear.1974,
  author        = {William A. Wolovich},
  title         = {Linear multivariable systems},
  year          = {1974},
  isbn          = {9783540901013},
  lccn          = {lc74009541},
  series        = {Applied mathematical sciences},
  publisher     = {Springer-Verlag},
  url           = {\url{http://books.google.com/books?id=5waoAAAAIAAJ}},
  note          = {\url{http://books.google.com/books?id=5waoAAAAIAAJ}}
}

@BOOK{sastry.adaptive.2011,
  author        = {Shankar Sastry and Marc Bodson},
  title         = {Adaptive Control: Stability, Convergence and Robustness},
  year          = {2011},
  isbn          = {9780486482026},
  lccn          = {2011010871},
  series        = {Dover Books on Electrical Engineering Series},
  publisher     = {Dover Publications},
  url           = {\url{http://books.google.com/books?id=-cOviBa9pR8C}},
  note          = {\url{http://books.google.com/books?id=-cOviBa9pR8C}}
}

@BOOK{dahleh.lectures.2011,
  author        = {Munther A. Dahleh and Mohammed Dahleh and George Verghese},
  title         = {Lectures on Dynamic Systems and Control},
  year          = {2011},
  publisher     = {MIT OpenCourseWare},
  url           = {\url{http://ocw.mit.edu/courses/electrical-engineering-and-computer-science/6-241j-dynamic-systems-and-control-spring-2011/readings/}},
  note          = {\url{http://ocw.mit.edu/courses/electrical-engineering-and-computer-science/6-241j-dynamic-systems-and-control-spring-2011/readings/}}
}

@BOOK{kailath.linear.1980,
  author        = {Thomas Kailath},
  title         = {Linear systems},
  year          = {1980},
  publisher     = {Prentice-Hall},
  series        = {Prentice-Hall information and system sciences series},
  isbn          = {9780135369616},
  lccn          = {79014928},
  url           = {\url{http://books.google.com/books?id=ggYqAQAAMAAJ}},
  note          = {\url{http://books.google.com/books?id=ggYqAQAAMAAJ}}
}

@BOOK{slotine.appliednonlinear.1991,
  author        = {Jean-Jacques E. Slotine and Weiping A. Li},
  title         = {Applied Nonlinear Control},
  year          = {1991},
  publisher     = {Prentice Hall},
  volume        = {60},
  isbn          = {9780130400499},
  lccn          = {90033365},
  series        = {Prentice-Hall International Editions},
  url           = {\url{https://books.google.com/books?id=HddxQgAACAAJ}},
  note          = {\url{https://books.google.com/books?id=HddxQgAACAAJ}}
}

@BOOK{chen.linear.1999,
  author        = {Chi-Tsong Chen},
  title         = {Linear System Theory and Design},
  year          = {1999},
  publisher     = {Oxford University Press},
  series        = {Linear System Theory and Design},
  isbn          = {9780195117776},
  lccn          = {97035535},
  url           = {\url{http://books.google.com/books?id=Fqi4oRgmOocC}},
  note          = {\url{http://books.google.com/books?id=Fqi4oRgmOocC}}
}

@BOOK{narendra.stable.2005,
  author        = {Kumpati S. Narendra and Anuradha M. Annaswamy},
  title         = {Stable Adaptive Systems},
  year          = {2005},
  publisher     = {Dover},
  series        = {Dover Books on Electrical Engineering Series},
  isbn          = {9780486442266},
  lccn          = {2004065741},
  url           = {\url{http://books.google.com/books?id=CRJhmsAHCUcC}},
  note          = {\url{http://books.google.com/books?id=CRJhmsAHCUcC}}
}

@BOOK{lavretskywise.book.2013,
  author        = {Eugene Lavretsky and Kevin A. Wise},
  title         = {Robust and Adaptive Control},
  year          = {2013},
  publisher     = {Springer},
  isbn          = {9781447143963},
  url           = {\url{http://books.google.com/books?id=a2128lhlWfQC}},
  note          = {\url{http://books.google.com/books?id=a2128lhlWfQC}}
}

@BOOK{book.panton.2013,
  author        = {Ronald L. Panton},
  title         = {Incompressible Flow},
  year          = {2013},
  isbn          = {9781118013434},
  lccn          = {2013011887},
  publisher     = {Wiley},
  url           = {\url{https://books.google.com/books?id=fRv16MKgUp4C}},
  note          = {\url{https://books.google.com/books?id=fRv16MKgUp4C}}
}
